@article{altman89,
  author  = {Tom Altman and Yoshihide Igarashi},
  title   = {Roughly Sorting: Sequential and Parallel Approach},
  journal = {Journal of Information Processing},
  volume  = {12},
  number  = {2},
  year    = {1989},
}

@misc{clarke13,
  author       = {Gavin Clarke},
  title        = "{Torvalds shoots down call to yank 'backdoored' Intel RdRand in Linux crypto}",
  editor       = {The Register},
  year         = {2013},
  month        = {September},
  howpublished = {\url{http://www.theregister.co.uk/2013/09/10/torvalds_on_rrrand_nsa_gchq/}},
  note         = {[Online; accessed 20-April-2016]}
}

@article{altman90,
  author  = {Tom Altman and Bogdan Chlebus},
  title   = {Sorting Roughly Sorted Sequences in Parallel},
  journal = {Information Processing Letters},
  volume  = {33},
  number  = {6},
  year    = {1990},
  month   = {February},
}

@phdthesis{senser,
  author = {R. Senser},
  title  = {GPU Declarative Framework},
  school = {University of Colorado Denver},
  year   = 2014,
  month  = {November}
}

@book{knuth,
  author    = {Donald E. Knuth},
  title     = {The Art of Computer Programming},
  volume    = {3},
  edition   = {2nd},
  publisher = {Addison-Wesley},
  year      = {1998},
}

@book{wilt,
  author    = "N. Wilt",
  title     = "The CUDA Handbook: A Comprehensive Guide to GPU Programming",
  edition   = "1st",
  publisher = "Addison-Wesley Professional",
  year      = "2013",
  month     = "June"
}

@book{cheng,
  author    = "J. Cheng and M. Grossman and T. McKercher",
  title     = "Professional CUDA C Programming",
  edition   = "1st",
  publisher = "Wrox",
  year      = "2014",
  month     = "September"
}

@manual{intel12,
  title        = {IntelÂ® Digital Random Generator (DRNG) Software Implementation Guide},
  organization = {Intel},
  edition      = {1.1},
  year         = {2012},
  month        = {August}
}
